@OTHER{wiki:montecarlo,
title = {Wikipedia, MÃ©thode de Monte-Carlo},
url = {http://fr.wikipedia.org/wiki/M\%C3\%A9thode_de_Monte-Carlo}
}